@article{Amigo,
   author   = {Amigo, J.M and Kennel, M.B.},
   journal  = {Chaos},
   volume   = {16},
   Pages    = {043102},
   title    = {Variance estimators for the {Lempel-Ziv} entropy rate estimator},
   year     = 2006
}

@Book{FoataFuchs,
  Author         = {Dominique Foata, Aim Fuchs},
  Title          = {Calcul des probabilit\'es},
  Publisher      = {Dunod},
  address        = {},
  Series         = {2\`eme \'edition},
  year           = 2003
}

@book{ saporta,
title="Probabilit\'es, analyses des donn\'ees et statistiques",
author="Gilbert Saporta",
publisher="Technip",
year="1990"
}


@Book{Bonnans,
  Author         = {Fr\'ed\'eric Bonnans},
  Title          = {Optimisation continue, Cours et probl\`emes corrig\'es},
  Publisher      = {Dunod},
  address        = {},
  Series         = {},
  year="2003"
}

@Book{Jordan,
  Author         = {Michael Jordan},
  Title          = {An introduction to graphical models},
  Publisher      = {In preparation},
  address        = {},
  
}

@article{wikiMl,
   author = {},
   title = {http://fr.wikipedia.org/wiki/Multiplicateur$\_$de$\_$Lagrange},
   journal = {},
   volume = {},
   pages = {},
  
}

@BOOK{princeCVMLI2012,
author = {Prince, S.J.D.},
title= {{Computer Vision: Models Learning and Inference}},
publisher = {{Cambridge University Press}},
year = 2012}

@book{Bishop06,
 author = {Bishop, Christopher M.},
 title = {Pattern Recognition and Machine Learning},
 year = {2006},
 isbn = {0387310738},
 publisher = {Springer-Verlag New York, Inc.},
 address = {Secaucus, NJ, USA},
} 

@book{Boyd04,
 author = {Boyd, Stephen and Vandenberghe, Lieven},
 title = {Convex Optimization},
 year = {2004},
 publisher = {Cambridge University Press},
 address = {New York, NY, USA},
} 

