@article{Reeb46,
  title={{Sur les points singuliers d'une forme de Pfaff compl{\`e}tement int{\'e}grable ou d'une fonction num{\'e}rique}},
  author={Reeb, Georges},
  journal={Compte Rendu de l'Acad{\'e}mie des Science de Paris},
  volume={222},
  pages={847--849},
  year={1946}
}

@inproceedings{Pascucci07,
 author = {Pascucci, Valerio and Scorzelli, Giorgio and Bremer, Peer-Timo and Mascarenhas, Ajith},
 title = {{Robust On-line Computation of Reeb Graphs: Simplicity and Speed}},
 booktitle = {Proceedings of ACM SIGGRAPH 2007},
 year = {2007}
} 

@incollection{gudhi:CoverComplex
, author =  "Mathieu Carri\`ere"
, title =   "Cover Complexes"
, publisher =  "{GUDHI Editorial Board}"
, booktitle =   "{GUDHI} User and Reference Manual"
, url = "http://gudhi.gforge.inria.fr/doc/latest/group__cover__complex.html"
, year =        2017
}

@incollection{gudhi:PersistentCohomology
, author =  "Cl\'ement Maria"
, title =   "Persistent Cohomology"
, publisher =  "{GUDHI Editorial Board}"
, booktitle =   "{GUDHI} User and Reference Manual"
, url = "http://gudhi.gforge.inria.fr/doc/latest/group__persistent__cohomology.html"
, year =        2015
}

@incollection{gudhi:Kernels
, author =  "Mathieu Carri\`ere"
, title =   "Kernels for Persistence Diagrams"
, publisher =  "{GUDHI Editorial Board}"
, booktitle =   "{GUDHI} User and Reference Manual"
, url = "http://gudhi.gforge.inria.fr/doc/latest/group__kernels.html"
, year =        2017
}

@incollection{gudhi:CubicalComplex
, author =  "Pawel Dlotko"
, title =   "Cubical complex"
, publisher =  "{GUDHI Editorial Board}"
, booktitle =   "{GUDHI} User and Reference Manual"
, url = "http://gudhi.gforge.inria.fr/doc/latest/group__cubical__complex.html"
, year =        2015
}

@inproceedings{Scholkopf01,
 author = {Sch\"{o}lkopf, Bernhard and Herbrich, Ralf and Smola, Alex},
 title = {{A Generalized Representer Theorem}},
 booktitle = {Proceedings of the 14th Annual Conference on Computational Learning Theory},
 year = {2001},
 pages = {416--426},
} 

@book{Shawe04,
 author = {Shawe-Taylor, John and Cristianini, Nello},
 title = {Kernel Methods for Pattern Analysis},
 year = {2004},
 publisher = {Cambridge University Press}
} 

@article{Russell08,
 author = {Russell, Bryan and Torralba, Antonio and Murphy, Kevin and Freeman, William},
 title = {{LabelMe: A Database and Web-Based Tool for Image Annotation}},
 journal = {International Journal of Computer Vision},
 volume = {77},
 number = {1-3},
 year = {2008},
 pages = {157--173},
}

@inproceedings{Lecun98,
    author = {LeCun, Yann  and  Bottou, L\'eon and  Bengio, Yoshua and  Haffner, Patrick},
    title = {Gradient-based learning applied to document recognition},
    booktitle = {Proceedings of the IEEE},
    year = {1998},
    pages = {2278--2324}
}

@book{Bauer01,
    AUTHOR = {Bauer, Heinz},
     TITLE = {Measure and integration theory},
    SERIES = {de Gruyter Studies in Mathematics},
    VOLUME = {26},
 PUBLISHER = {Walter de Gruyter \& Co.},
      YEAR = {2001},
}

@article{Tierny17,
author = {Tierny, Julien and Carr, Hamish},
title = {{Jacobi Fiber Surfaces for Bivariate Reeb Space Computation}},
journal = {IEEE Transactions on Visualization and Computer Graphics},
volume = {23},
number = {1},
year = {2017},
pages = {960-969},
}

@article{Lowe04,
 author = {Lowe, David},
 title = {{Distinctive Image Features from Scale-Invariant Keypoints}},
 journal = {International Journal of Computer Vision},
 volume = {60},
 number = {2},
 year = {2004},
 pages = {91--110},
} 

@article{Tenenbaum00,
  author = {Tenenbaum, Joshua and de Silva, Vin and Langford, John},
  journal = {Science},
  number = 5500,
  title = {{A Global Geometric Framework for Nonlinear Dimensionality Reduction}},
  volume = 290,
  year = 2000
}

@article{Soumya14,
author = {Soumya, George and Shibily, Joseph},
year = {2014},
pages = {34-38},
title = {{Text Classification by Augmenting Bag of Words (BOW) Representation with Co-occurrence Feature}},
volume = {16},
journal = {IOSR Journal of Computer Engineering}
}

@inproceedings{Dalal05,
 author = {Dalal, Navneet and Triggs, Bill},
 title = {{Histograms of Oriented Gradients for Human Detection}},
 booktitle = {Proceedings of the IEEE Computer Society Conference on Computer Vision and Pattern Recognition},
 year = {2005},
 pages = {886--893},
} 

@article{Johnson99,
  title={Using spin images for efficient object recognition in cluttered 3D scenes},
  author={Johnson, Andrew and Hebert, Martial},
  journal={IEEE Transactions on Pattern Analysis and Machine Intelligence},
  volume={21},
  number={5},
  pages={433--449},
  year={1999},
}

@book{Mallat08,
 author = {Mallat, St\'ephane},
 title = {{A Wavelet Tour of Signal Processing}},
 year = {2008},
 publisher = {Academic Press},
} 

@techreport{Krizhevsky09,
    author = {Krizhevsky, Alex },
    title = {Learning multiple layers of features from tiny images},
    institution={University of Toronto},
    year = {2009}
}

@article{Edelsbrunner02a,
  title={{Jacobi sets of multiple Morse functions}},
  author={Edelsbrunner, Herbert and Harer, John},
  journal={Foundations of Computational Mathematics},
  pages={37--57},
  year={2002}
}

@article{Ovsjanikov12,
  title={Functional maps: a flexible representation of maps between shapes},
  author={Ovsjanikov, Maks and Ben-Chen, Mirela and Solomon, Justin and Butscher, Adrian and Guibas, Leonidas},
  journal={ACM Transactions on Graphics},
  volume={31},
  number={4},
  pages={30},
  year={2012}
}

@inproceedings{Corman14,
  title={{Supervised Descriptor Learning for Non-Rigid Shape Matching}},
  author={Corman, {\'E}tienne and Ovsjanikov, Maks and Chambolle, Antonin},
  booktitle={Proceedings of the 6th Workshop on Non-Rigid Shape Analysis and Deformable Image Alignment}, 
  year={2014} 
}

@Book{Bronstein08,
  Title                    = {{Numerical Geometry of Non-Rigid Shapes}},
  Author                   = {Alexander Bronstein and Michael Bronstein and Ron Kimmel},
  Publisher                = {Springer},
  Year                     = {2008},
}

@article{deSilva11,
	Author = {Vin {de Silva} and Dmitriy Morozov and Mikael Vejdemo-Johansson},
	Title = {Dualities in persistent (co)homology},
	Journal = {Inverse Problems},
	Pages = {124003},
	Volume = {27},
	Year = {2011}
}

@article{Bonneel15,
  year = {2015},
  pages = {22--45},
  number = {1},
  volume = {51},
  journal = {Journal of Mathematical Imaging and Vision},
  author = {Bonneel, Nicolas and Rabin, Julien and Peyr{\'e}, Gabriel and Pfister, Hanspeter},
  title = {{Sliced and Radon Wasserstein Barycenters of Measures}}
}

@book{DeVore93,
  title={Constructive approximation},
  author={DeVore, Ronald and Lorentz, George},
  volume={303},
  year={1993},
  publisher={Springer Science \& Business Media}
}

@article{Nielson15,
  title={Topological data analysis for discovery in preclinical spinal cord injury and traumatic brain injury},
  author={Nielson, Jessica and Paquette, Jesse and Liu, Aiwen and Guandique, Cristian and Tovar, Amy and Inoue, Tomoo and Irvine, Karen-Amanda and Gensel, John and Kloke, Jennifer and Petrossian, Tanya and Lum, Pek and Carlsson, Gunnar and Manley, Geoffrey and Young, Wise and Beattie, Michael and Bresnahan, Jacqueline and Ferguson, Adam},
  journal={Nature Communications},
  volume=6,
  year={2015}
}

@article{Yao09,
  author={Yao, Yuan and Sun, Jian and Huang, Xuhui and Bowman, Greg and Singh, Gurjeet and Lesnick, Michael and Guibas, Leonidas and Pande, Vijay and Carlsson, Gunnar},
  title={{Topological methods for exploring low-density states in biomolecular folding pathways}},
  journal={Journal of Chemical Physics},
  volume=130,
  number=14,
  year=2009,
}

@article{Sarikonda14,
  author={Sarikonda, G. and Pettus, J. and Phatak, S. and Sachithanantham, S. and Miller, JF. and Wesley, JD. and Cadag, E. and Chae, J. and Ganesan, L. and Mallios, R. and Edelman, S. and Peters, B. and von Herrath, M.},
  title={CD8 T-cell reactivity to islet antigens is unique to type 1 while CD4 T-cell reactivity exists in both type 1 and type 2 diabetes},
  journal={Journal of Autoimmunity},
  volume=50,
  pages={77--82},
  year=2014,
}

@article{Hinks15,
  author={Hinks, TS. and Zhou, X. and Staples, KJ. and Dimitrov, BD. and Manta, A. and Petrossian, T. and Lum, P. and Smith, CG. and Ward, JA. and Howarth, PH and Walls, AF. and Gadola, SD. and Djukanovic, R.},
  title={Innate and adaptive T cells in asthmatic patients: Relationship to severity and disease mechanisms},
  journal={Journal of Allergy and Clinical Immunology},
  volume=136,
  number=2,
  pages={323--333},
  year={2015},
}

@article{Rucco15,
  author="Rucco, Matteo and Merelli, Emanuela and Herman, Damir and Ramanan, Devi and Petrossian, Tanya and Falsetti, Lorenzo and Nitti, Cinzia and Salvi, Aldo",
  title = "Using topological data analysis for diagnosis pulmonary embolism",
  journal = "Journal of Theoretical and Applied Computer Science",
  volume = 9,
  number=1,
  year = "2015",
  pages = "41--55",
}


@book{Friedman01,
  title={The Elements of Statistical Learning},
  author={Friedman, Jerome and Hastie, Trevor and Tibshirani, Robert},
  year={2001},
  publisher={Springer series in statistics Springer}
}

@article{Carlsson10,
author="Carlsson, Gunnar and de Silva, Vin",
title="Zigzag Persistence",
journal="Foundations of Computational Mathematics",
year="2010",
volume="10",
number="4",
pages="367--405",
}

@inproceedings{Buchet15,
 author = {Buchet, Micka\"{e}l and Chazal, Fr{\'e}d{\'e}ric and Oudot, Steve and Sheehy, Donald},
 title = {{Efficient and Robust Persistent Homology for Measures}},
 booktitle = {Proceedings of the 26th Symposium on Discrete Algorithms},
 year = {2015},
 pages = {168--180},
} 

@article{Reaven79,
  author="Reaven, Gerald and Miller, Rupert",
  title="An attempt to define the nature of chemical diabetes using a multidimensional analysis",
  journal="Diabetologia",
  year="1979",
  volume="16",
  number="1",
  pages="17--24",
}

@article{Camara16,
    author = {Camara, Pablo AND Levine, Arnold AND Rabadan, Raul},
    journal = {PLoS Computational Biology},
    title = {{Inference of Ancestral Recombination Graphs through Topological Data Analysis}},
    year = {2016},
    volume = {12},
    pages = {1-25},
    number = {8},
}

@article{Chan13,
    author = {Chan, Joseph AND Carlsson, Gunnar AND Rabadan, Raul},
    journal = {Proceedings of the National Academy of Science},
    title = {{Topology of viral evolution}},
    year = {2013},
    volume = {110},
    number = {46},
    pages={18556--18571}
}

@article{Chazal15c,
  author  = {Fr\'{e}d\'{e}ric Chazal and Marc Glisse and Catherine Labru{{\`e}}re and Bertrand Michel},
  title   = {Convergence Rates for Persistence Diagram Estimation in Topological Data Analysis},
  journal = {Journal of Machine Learning Research},
  year    = {2015},
  volume  = {16},
  pages   = {3603-3635},
}


@inproceedings{Singh07,
  booktitle = {Symposium on Point Based Graphics},
  title = {{Topological Methods for the Analysis of High Dimensional Data Sets and 3D Object Recognition}},
  author = {Singh, Gurjeet and M\'emoli, Facundo and Carlsson, Gunnar},
  pages={91--100},
  year = {2007}
}

@inproceedings{Chazal14a,
  TITLE = {{Gromov-Hausdorff Approximation of Filament Structure Using Reeb-type Graph}},
  AUTHOR = {Chazal, Fr\'ed\'eric and Sun, Jian},
  BOOKTITLE = {{Proceedings of the 30th Symposium on Computational Geometry}},
  YEAR = {2014},
}

@ARTICLE{Guo10,
    author = {Guo, Zhenhua and Zhang, Lei and Zhang, David},
    title = {{A completed modeling of local binary pattern operator for texture classification}},
    journal = {IEEE Transaction on Image Processing},
    year = {2010},
    pages = {1657--1663}
}

@book{gudhi, 
  title        = "{GUDHI} User and Reference Manual", 
  author      = "{The GUDHI Project}", 
  publisher     = "{GUDHI Editorial Board}",
  year         = 2015
}

@inproceedings{Li14,
  author    = {Li, Chunyuan and Ovsjanikov, Maks and Chazal, Fr\'ed\'eric},
  title     = {{Persistence-Based Structural Recognition}},
  booktitle = {IEEE Conference on Computer Vision and Pattern Recognition},
  pages     = {2003--2010},
  year      = {2014},
}

@article{Dey13a,
  author    = {Dey, Tamal and Wang, Yusu},
  title     = {{Reeb Graphs: Approximation and Persistence}},
  journal   = {Discrete and Computational Geometry},
  volume    = {49},
  number    = {1},
  pages     = {46--73},
  year      = {2013},
}

@article{Brenier91,
  author    = {Brenier, Yann},
  title     = {{Polar factorization and monotone rearrangement of vector-valued functions}},
  journal   = {Communications on pure and applied mathematics},
  volume    = {44},
  number    = {4},
  pages     = {375--417},
  year      = {1991}
}

@book{Oudot15,
  TITLE = {{Persistence Theory: From Quiver Representations to Data Analysis}},
  AUTHOR = {Oudot, Steve},
  PUBLISHER = {{American Mathematical Society}},
  SERIES = {Mathematical Surveys and Monographs},
  NUMBER = {209},
  YEAR = {2015}
}

@book{Santambrogio15,
  title={Optimal transport for applied mathematicians},
  author={Santambrogio, Filippo},
  journal={Birk{\"a}user},
  year={2015},
  publisher={Springer}
}

@inproceedings{Verdiere12,
  author = {Colin de Verdi\`ere, \'Eric and Ginot, Gr\'egory and Goaoc, Xavier},
  booktitle = {Proceedings of the 28th Symposium on Computational Geometry},
  pages = {209-218},
  title = {{Multinerves and Helly numbers of acyclic families}},
  year = 2012
}


@article{Shawe05,
  title={{On the eigenspectrum of the Gram matrix and the generalization error of kernel-PCA}},
  author={Shawe-Taylor, John and Williams, Christopher and Cristianini, Nello and Kandola, Jaz},
  journal={IEEE Transactions on Information Theory},
  volume={51},
  number={7},
  pages={2510--2522},
  year={2005},
}

@article{Biau12,
  title={{PCA-Kernel estimation}},
  author={Biau, G\'erard and Mas, Andr\'e},
  journal={Statistics and Risk Modeling with Applications in Finance and Insurance},
  volume={29},
  number={1},
  pages={19--46},
  year={2012}
}


@article{Chazal11,
	Author = {Chazal, Fr\'ed\'eric and Cohen-Steiner, David and M\'erigot, Quentin},
	Journal = {Foundations of Computational Mathematics},
	Number = {6},
	Pages = {733--751},
	Publisher = {Springer},
	Title = {{Geometric Inference for Probability Measures}},
	Volume = {11},
	Year = {2011}
}

@article{Blanchard07,
  title={{Statistical properties of kernel principal component analysis}},
  author={Blanchard, Gilles and Bousquet, Olivier and Zwald, Laurent},
  journal={Machine Learning},
  volume={66},
  number={2-3},
  pages={259--294},
  year={2007},
  publisher={Springer}
}

@ARTICLE{Chazal13c,
   author = {Chazal, Fr\'ed\'eric and Glisse, Marc and Labru{\`e}re, Catherine and Michel, Bertrand},
    title = {{Optimal rates of convergence for persistence diagrams in Topological Data Analysis}},
  journal = {CoRR},
   volume = {abs/1305.6239},
     year = 2013
}

@ARTICLE{Harrington17,
   author = {Harrington, Heather and Otter, Nina and Schenck, Hal and Tillmann, Ulrike},
    title = {{Stratifying multiparameter persistent homology}},
  journal = {CoRR},
   volume = {abs/1708.07390},
     year = 2017
}

@article{Cochoy16,
author = {Cochoy, J\'er\'emy and Oudot, Steve},
title = {Decomposition of exact pfd persistence bimodules},
journal = {CoRR},
volume = {abs/1605.09726},
year = 2016,
}

@ARTICLE{Muandet16,
   author = {Muandet, Krikamol and Fukumizu, Kenji and Sriperumbudur, Bharath and Sch\"olkopf, Bernhard},
    title = {{Kernel Mean Embedding of Distributions: A Review and Beyond}},
  journal = {CoRR},
   volume = {abs/1605.09522},
     year = 2016
}

@inproceedings{Chazal15a,
	Author = {Chazal, Fr\'ed\'eric and Fasy, Brittany and Lecci, Fabrizio and Michel, Bertrand and Rinaldo, Alessandro and Wasserman, Larry},
	Booktitle = {Proceedings of the 32nd International Conference on Machine Learning},
	Title = {{Subsampling Methods for Persistent Homology}},
        Pages = {2143--2151},
	Year = {2015}
}


@article{Cuevas09,
	Author = {Cuevas, Antonio},
	Journal = {Bolet\'in de Estad\'istica e Investigaci\'on Operativa},
	Number = {2},
	Pages = {71--85},
	Title = {{Set estimation: another bridge between statistics and geometry}},
	Volume = {25},
	Year = {2009}
}

@article{Cuevas04,
	Author = {Cuevas, Antonio and Rodr{\'\i}guez-Casal, Alberto},
	Journal = {Advances in Applied Probability},
	Pages = {340--354},
	Title = {{On boundary estimation}},
	Year = {2004}
}

@article{Goodwin16,
  author={Goodwin, Sara and McPherson, John and McCombie, Richard},
  title = {Coming of age: ten years of next-generation sequencing technologies},
  journal = {Nature Review Genetics},
  volume = {17},
  number = 6,
  year = 2016,
  pages = {333--351}
}

@article{Metzker10,
  author={Metzker, Michael},
  title = {Sequencing technologies - the next generation},
  journal = {Nature Review Genetics},
  volume = {11},
  number = 1,
  year = 2010,
  pages = {31--46}
}

@article{Kim16,
  author="Kim, Min-su and Hur, Benjamin and Kim, Sun", 
  title="RDDpred: a condition-specific RNA-editing prediction model from RNA-seq data",
  journal="BMC Genomics",
  year="2016",
  volume="17",
  number="1",
}

@article{Bindewald06,
  title={RNA secondary structure prediction from sequence alignments using a network of k-nearest neighbor classifiers},
  author={Bindewald, Eckart and Shapiro, Bruce},
  journal = {RNA},
  volume={12},
  number=3,
  pages={342--352},
  year=2006
}

@article{Buermans14,
  author={Buermans, Henk and den Dunnen, Johan},
  title = {Next generation sequencing technology: Advances and applications},
  journal = {Biochimica et Biophysica Acta},
  volume = {1842},
  number = 10,
  year = 2014,
  pages = {1932--1941}
}


@inproceedings {Glisse09,
  booktitle = {Topological Methods in Data Analysis and Visualization},
  title = {{Persistence-sensitive Simplifications of Functions on Surfaces in Linear Time}},
  author = {Attali, Dominique and Glisse, Marc and Hornus, Samuel and Lazarus, Francis and Morozov, Dmitriy},
  year = {2009},
}

@phdthesis{Morozov08, 
  author = "Dmitriy Morozov", 
  title =  "Homological Illusions of Persistence and Stability", 
  type =    "{Ph.D.} dissertation", 
  school = "Department of Computer Science, Duke University", 
  year =    2008
}

@inproceedings{Dey14,
  author    = {Dey, Tamal and Fan, Fengtao and Wang, Yusu},
  title     = {{Computing Topological Persistence for Simplicial Maps}},
  booktitle   = {Proceedings of the 30th Symposium on Computational Geometry},
  year      = {2014},
}

@inproceedings{Chazal09a,
 author = {Chazal, Fr\'ed\'eric and Cohen-Steiner, David and Glisse, Marc and Guibas, Leonidas and Oudot, Steve},
 title = {{Proximity of Persistence Modules and their Diagrams}},
 booktitle = {Proceedings of the 25th Symposium on Computational Geometry},
 year = {2009},
 pages = {237--246},
}

@INPROCEEDINGS{Chazal09b,
    author = {Chazal, Fr\'ed\'eric and Guibas, Leonidas and Oudot, Steve and Skraba, Primoz},
    title = {{Analysis of scalar fields over point cloud data}},
    booktitle = {Proceedings of the 20th Symposium on Discrete Algorithm},
    year = {2009},
    pages = {1021--1030}
}

@article{Shervashidze09,
  author = {Shervashidze, Nino and Vishwanathan, S. V. N. and Petri, Tobias and Mehlhorn, Kurt and Borgwardt, Karsten},
  journal = {Journal of Machine Learning Research},
  pages = {488--495},
  title = {{Efficient graphlet kernels for large graph comparison}},
  volume = 5,
  year = 2009
}

@article{Helma04,
  author    = { Helma, Christoph and Cramer, Tobias and Kramer, Stefan and de Raedt, Luc},
  title     = {{Data Mining and Machine Learning Techniques for the Identification
               of Mutagenicity Inducing Substructures and Structure Activity Relationships
               of NoncongenE. Compounds}},
  journal   = {Journal of Chemical Information and Modeling},
  volume    = {44},
  number    = {4},
  pages     = {1402--1411},
  year      = {2004},
}

@inproceedings{Kriege12,
  author = {Kriege, Nils and Mutzel, Petra},
  title = {{Subgraph Matching Kernels for Attributed Graphs}},
  booktitle = {Proceedings of the 29th International Conference on Machine Learning},
  year = {2012},
}

@article{Sherva11,
 author = {Shervashidze, Nino and Schweitzer, Pascal and van Leeuwen, Erik and Mehlhorn, Kurt and Borgwardt, Karsten},
 title = {{Weisfeiler-Lehman Graph Kernels}},
 journal = {Journal of Machine Learning Research},
 volume = {12},
 year = {2011},
 pages = {2539--2561},
}

@inproceedings{Borgwardt05,
 author = {Borgwardt, Karsten and Kriegel, Hans-Peter},
 title = {{Shortest-Path Kernels on Graphs}},
 booktitle = {Proceedings of the 5th IEEE International Conference on Data Mining},
 year = {2005},
 pages = {74--81},
} 

@inproceedings{Menchetti05,
 author = {Menchetti, Sauro and Costa, Fabrizio and Frasconi, Paolo},
 title = {{Weighted Decomposition Kernels}},
 booktitle = {Proceedings of the 22nd International Conference on Machine Learning},
 year = {2005},
 pages = {585--592},
}

@article{Barra14,
  author    = {Barra, Vincent and Biasotti, Silvia},
  title     = {{3D Shape Retrieval and Classification using Multiple Kernel Learning on Extended Reeb graphs}},
  journal   = {The Visual Computer},
  volume    = {30},
  number    = {11},
  pages     = {1247--1259},
  year      = {2014},
}

@INPROCEEDINGS{Kashima03,
    author = {Kashima, Hisashi and Tsuda, Koji and Inokuchi, Akihiro},
    title = {{Marginalized kernels between labeled graphs}},
    booktitle = {Proceedings of the 20th International Conference on Machine Learning},
    year = {2003},
    pages = {321--328},
}

@inproceedings{Harvey10,
  title={{A randomized O(m log m) time algorithm for computing Reeb graphs of arbitrary simplicial complexes}},
  author={Harvey, William and Wang, Yusu and Wenger, Rephael},
  booktitle={Proceedings of the 26th Symposium on Computational Geometry},
  pages={267--276},
  year={2010},
}

@article{Mukherjee13,
   author = {Mukherjee, Sayan and Steenbergen, John},
    title = {{Random Walks on Simplicial Complexes and Harmonics}},
  journal = {Random Structures and Algorithms},
   volume = 48,
   number = 2,
     year = 2013,
}

@article{Vishwanathan10,
 author = {Vishwanathan, S. V. N. and Schraudolph, Nicol and Kondor, Risi and Borgwardt, Karsten},
 title = {{Graph Kernels}},
 journal = {Journal of Machine Learning Research},
 volume = {11},
 year = {2010},
 pages = {1201--1242}
} 

@article{Borsuk48,
  author = {Borsuk, Karol},
  journal = {Fundamenta Mathematicae},
  number = {1},
  pages = {217-234},
  title = {On the imbedding of systems of compacta in simplicial complexes},
  volume = {35},
  year = {1948},
}

@article {Genovese12a,
    AUTHOR = {Genovese, Christopher and Perone-Pacifico, Marco and Verdinelli, Isabella and Wasserman, Larry},
     TITLE = {{Manifold estimation and singular deconvolution under Hausdorff loss}},
   JOURNAL = {The Annals of Statistics},
    VOLUME = {40},
      YEAR = {2012},
     PAGES = {941-963},
}


@article{Cohen09,
  title={{Extending persistence using Poincar{\'e} and Lefschetz duality}},
  author={Cohen-Steiner, David and Edelsbrunner, Herbert and Harer, John},
  journal={Foundation of Computational Mathematics},
  volume={9},
  number={1},
  pages={79--103},
  year={2009},
}

@article{Nicolau11,
  title={{Topology based data analysis identifies a subgroup of breast cancers with a unique mutational profile and excellent survival}},
  author={Nicolau, Monica and Levine, Arnold and Carlsson, Gunnar},
  journal={Proceedings of the National Academy of Science},
  volume={108},
  number={17},
  pages={7265--7270},
  year={2011},
}

@misc{NBA,
  title={{From 5 to 13: Redefining the Positions in Basketball}},
  author={Alagappan, Muthu},
  note={MIT Sloan Sports Analytics Conference, 2012}
}

@article{Cohen07,
 author = {Cohen-Steiner, David and Edelsbrunner, Herbert and Harer, John},
 title = {{Stability of Persistence Diagrams}},
 journal = {Discrete and Computational Geometry},
 volume = {37},
 number = {1},
 year = {2007},
 pages = {103--120},
} 

@article{Carlsson09c,
 author = {Carlsson, Gunnar and Zomorodian, Afra},
 title = {{The Theory of Multidimensional Persistence}},
 journal = {Discrete and Computational Geometry},
 volume = {42},
 number = {1},
 year = {2009},
 pages = {71--93},
} 


@book{Chazal16a,
  author    = {Chazal, Fr\'ed\'eric and de Silva, Vin and Glisse, Marc and Oudot, Steve},
  title     = {{The Structure and Stability of Persistence Modules}},
  publisher = {Springer},
  year      = {2016}
}

@book{Goodfellow16,
    title={{Deep Learning}},
    author={Goodfellow, Ian and Bengio, Yoshua and Courville, Aaron},
    publisher={MIT Press},
    year={2016}
}

@article{Cagliari11,
title = "Finiteness of rank invariants of multidimensional persistent homology groups",
journal = "Applied Mathematics Letters",
volume = "24",
number = "4",
pages = "516 - 518",
year = "2011",
author = "Francesca Cagliari and Claudia Landi",
}

@article{Edelsbrunner02b, 
  author =  "Edelsbrunner, Herbert and Letscher, David and Zomorodian, Afra", 
  title =   {{Topological Persistence and Simplification}}, 
  journal = "Discrete and Computational Geometry", 
  year =    2002, 
  volume = 28, 
  pages =   "511--533"
}

@article{Zomorodian05,
 author = {Zomorodian, Afra and Carlsson, Gunnar},
 title = {Computing Persistent Homology},
 journal = {Discrete and Computational Geometry},
 volume = {33},
 number = {2},
 year = {2005},
 pages = {249--274},
 }

@inproceedings{Carlsson09b,
 author = {Carlsson, Gunnar and de Silva, Vin and Morozov, Dmitriy},
 title = {{Zigzag Persistent Homology and Real-valued Functions}},
 booktitle = {Proceedings of the 25th Symposium on Computational Geometry},
 year = {2009},
 pages = {247--256},
}

@unpublished{Babu13,
  title={{Zigzag Coarsenings, Mapper Stability and Gene-network Analyses}},
  author={Babu, Aravindakshan},
  year={2013},
  note={Ph.D. dissertation}
}

@unpublished{Nene96,
  title={{Columbia Object Image Library (COIL-100)}},
  author={Nene, Sameer and Nayar, Shree and Murase, Hiroshi},
  year={1996},
  note={Technical Report CUCS-006-96}
}

@unpublished{Stovner12,
  title={{On the Mapper Algorithm}},
  author={Stovner, Roar Bakken},
  year={2012},
  note={Master Thesis}
}

@article{Ivanov16,
  author={Ivanov, Alexandr and Nikolaeva, Nadezhda and Tuzhilin, Alexey},
  title ={{ The Gromov-Hausdorff Metric on the Space of Compact Metric Spaces is Strictly Intrinsic}},
  journal = {Mathematical Notes},
  volume = 100,
  number=6,
  pages= {947--950},
  year=2016
}

@inproceedings{Dey13b,
 author = {Dey, Tamal and Fan, Fengtao and Wang, Yusu},
 title = {{Graph Induced Complex on Point Data}},
 booktitle = {Proceedings of the 29th Symposium on Computational Geometry},
 year = {2013},
 pages = {107--116},
} 

@inproceedings{Edelsbrunner08,
  title={{Reeb Spaces of Piecewise Linear Mappings}},
  author={Edelsbrunner, Herbert and Harer, John and Patel, Amit},
  booktitle={Proceedings of the 24th Symposium on Computational Geometry},
  pages={242--250},
  year={2008},
}

@article{Bendich13,
  author    = {Bendich, Paul and Edelsbrunner, Herbert and Morozov, Dmitriy and Patel, Amit},
  title     = {{Homology and Robustness of Level and Interlevel Sets}},
  journal   = {Homology, Homotopy and Applications},
  volume    = {15},
  pages     = {51--72},
  year      = {2013},
}

@article {Carriere15a,
  journal = {Computer Graphics Forum},
  title = {{Stable Topological Signatures for Points on 3D Shapes}},
  author = {Carri\`ere, Mathieu and Oudot, Steve and Ovsjanikov, Maks},
  year = {2015},
  volume = 34
}

@article{Carriere15c,
  title={{Structure and Stability of the 1-Dimensional Mapper}},
  author={Carri\`ere, Mathieu and Oudot, Steve},
  journal={CoRR},
  volume= {abs/1511.05823},
  year={2015}
}

@article{Hofer17,
  title={{ Deep Learning with Topological Signatures}},
  author={ Hofer, Christoph and Kwitt, Roland and Niethammer, Marc and Uhl, Andreas},
  journal={CoRR},
  volume= {abs/1707.04041},
  year={2017},
  note={Accepted to Advances in Neural Information Processing Systems 30}
}


@article{Cang17,
 author= {Cang, Zixuan and Wei, Guo-Wei},
 title = {{TopologyNet: Topology Based Deep Convolutional and Multi-Task Neural Networks for Biomolecular Property Predictions}},
 volume = 13,
 number = 7,
 journal = {PLoS Computational Biology},
 year = 2017,
} 

@inproceedings{Carriere16,
  author    = {Carri\`ere, Mathieu and Oudot, Steve},
  title     = {{Structure and Stability of the 1-Dimensional Mapper}},
  booktitle   = {Proceedings of the 32nd Symposium on Computational Geometry},
  volume =	{51},
  pages =	{25:1--25:16},
  year      = 2016,
}

@inproceedings{Carriere17a,
  author      = {Carri\`ere, Mathieu and Oudot, Steve},
  title       = {{Local Equivalence and Induced Metrics for Reeb Graphs}},
  booktitle   = {Proceedings of the 33rd Symposium on Computational Geometry},
  year        = 2017,
}

@article{Carriere17b,
  author    = {Carri\`ere, Mathieu and Oudot, Steve},
  title     = {{Structure and Stability of the 1-Dimensional Mapper}},
  journal   = {Foundations of Computational Mathematics},
  year      = 2017,
}

@article{Carriere17c,	
  author    = {Carri\`ere, Mathieu and Michel, Bertrand and Oudot, Steve},
  title     = {{Statistical Analysis and Parameter Selection for Mapper}},
  journal   = {CoRR},
  volume    = {abs/1706.00204},
  year      = {2017}
}

@article{Carriere17d,
  title   = {{Sliced Wasserstein Kernel for Persistence Diagrams}},
  author  = {Carri\`ere, Mathieu and Cuturi, Marco and Oudot, Steve},
  journal = {CoRR},
  volume  = {abs/1706.03358},
  year    = {2017}
}

@inproceedings{Carriere17e,
  title     = {{Sliced Wasserstein Kernel for Persistence Diagrams}},
  author    = {Carri\`ere, Mathieu and Cuturi, Marco and Oudot, Steve},
  booktitle = {Proceedings of the 34th International Conference on Machine Learning},
  year      = 2017,
}

@book{Edelsbrunner10,
  title={{Computational Topology: an introduction}},
  author={Edelsbrunner, Herbert and Harer, John},
  year={2010},
  publisher={AMS Bookstore}
}

@unpublished{Munch15,	
  author    = {Munch, Elizabeth and Wang, Bei},
  title     = {{Reeb Space Approximations with Guarantees}},
  year      = {2015},
  note	    = {Extended abstract},
}

@InProceedings{Munch16,
  author =	{Munch, Elizabeth  and Wang, Bei},
  title =	{{Convergence between Categorical Representations of Reeb Space and Mapper}},
  booktitle =	{Proceedings of the 32nd Symposium on Computational Geometry},
  pages =	{53:1--53:16},
  year =	{2016},
  volume =	{51}
}

@article{deSilva16,
  author    = {de Silva, Vin and Munch, Elizabeth and Patel, Amit},
  title     = {{Categorified Reeb Graphs}},
  journal   = {Discrete and Computational Geometry},
  volume    = {55},
  pages     = {854--906},
  year      = {2016},
}

@book{Sutherland09,  
  title={{Introduction to Metric and Topological Spaces}}, 
  publisher={Oxford University Press}, 
  author={Sutherland, Wilson}, 
  year={2009}
}

@incollection{Tierny15,
                 author = {Tierny, Julien and Guenther, David and Pascucci, Valerio},
                     title = {{O}ptimal {G}eneral {S}implification of {S}calar {F}ields on {S}urfaces},
                 booktitle = {{T}opological and {S}tatistical {M}ethods for {C}omplex {D}ata},
                      year = {2015},
}

@inproceedings{Bauer14,
 author = {Bauer, Ulrich and Ge, Xiaoyin and Wang, Yusu},
 title = {{Measuring Distance Between Reeb Graphs}},
 booktitle = {Proceedings of the 30th Symposium on Computational Geometry},
 year = {2014},
 pages = {464--473},
}

@InProceedings{Bauer15,
  author =	{Bauer, Ulrich and Munch, Elizabeth and Wang, Yusu},
  title =	{{Strong Equivalence of the Interleaving and Functional Distortion Metrics for Reeb Graphs}},
  booktitle =	{Proceedings of the 31st Symposium on Computational Geometry},
  year =	{2015},
}

@article{Chattopadhyay16,
  author    = {Chattopadhyay, Amit and Carr, Hamish and Duke, David and Geng, Zhao and Saeki, Osamu},
  title     = {{Multivariate Topology Simplification}},
  journal   = {Computational Geometry},
  volume    = {58},
  pages     = {1--24},
  year      = {2016}
}

@inproceedings{Bauer16,
 author = {Bauer, Ulrich and Di Fabio, Barbara and Landi, Claudia},
 title = {{An Edit Distance for Reeb Graphs}},
 booktitle = {Proceedings of the Eurographics 2016 Workshop on 3D Object Retrieval},
 year = {2016},
 pages = {27--34}
} 

@article{Biasotti08,
 author = {Biasotti, Silvia and Giorgi, Daniela and Spagnuolo, Michela and Falcidieno, Bianca},
 title = {{Reeb Graphs for Shape Analysis and Applications}},
 journal = {Theoretical Computer Science},
 volume = {392},
 year = {2008},
 pages = {5--22},
} 

@article{Carr14,
  author    = {Carr, Hamish and Duke, David},
  title     = {{Joint Contour Nets}},
  journal   = {IEEE Transaction on Visualization and Computer Graphics},
  volume    = {20},
  number    = {8},
  pages     = {1100--1113},
  year      = {2014}
}

@incollection {Yu97,
    AUTHOR = {Yu, Bin},
     TITLE = {Assouad, {F}ano, and {L}e {C}am},
 BOOKTITLE = {Festschrift for {L}ucien {L}e {C}am},
     PAGES = {423--435},
 PUBLISHER = {Springer},
      YEAR = {1997}
}



@inproceedings{Dey16,
  author    = {Dey, Tamal and M{\'{e}}moli, Facundo and Wang, Yusu},
  title     = {{Multiscale Mapper: Topological Summarization via Codomain Covers}},
  booktitle   = {Proceedings of the 27th Symposium on Discrete Algorithms},
  pages    = {997--1013},
  year      = {2016}
}

@article{Genovese12b,
  author = {Genovese, Christopher and Perone-Pacifico, Marco and Verdinelli, Isabella and Wasserman, Larry},
  title = {{Minimax Manifold Estimation}},
  year = {2012},
  journal = {Journal of Machine Learning Research},
  pages = {1263--1291},
  volume = {13},
}

@ARTICLE{Chazal13a,
   author = {Chazal, Fr\'ed\'eric and Fasy, Brittany and Lecci, Fabrizio and Rinaldo, Alessandro and Singh, Aarti and Wasserman, Larry},
    title = "{On the Bootstrap for Persistence Diagrams and Landscapes}",
  journal = {Modeling and Analysis of Information Systems},
   volume = {20},
  number = 6,
  pages ={111--120},
     year = 2013
}


@article{Chazal14b,
  title={{Robust topological inference: distance to a measure and kernel distance}},
  author={Chazal, Fr{\'e}d{\'e}ric and Fasy, Brittany and Lecci, Fabrizio and Michel, Bertrand and Rinaldo, Alessandro and Wasserman, Larry},
  journal={CoRR},
  volume= {abs/1412.7197},
  year={2014},
  note={Accepted for publication in Journal of Machine Learning Research}
}


@article{Fasy14,
	Author = {Fasy, Brittany and Lecci, Fabrizio and Rinaldo, Alessandro and Wasserman, Larry and Balakrishnan, Sivaraman and Singh, Aarti},
	Journal = {The Annals of Statistics},
	Number = {6},
	Pages = {2301--2339},
	Title = {{Confidence Sets for Persistence Diagrams}},
	Volume = {42},
	Year = {2014}
}

@ARTICLE{Chazal15b,
   author = {Chazal, Fr\'ed\'eric and Massart, Pascal and Michel, Bertrand},
    title = {{Rates of convergence for robust geometric inference}},
  journal = {CoRR},
    volume= {abs/1505.07602},
     year = 2015,
}

@article{Chazal16b,
author = "Chazal, Fr\'ed\'eric and Massart, Pascal and Michel, Bertrand",
journal = "Electronic Journal of Statistics",
number = "2",
pages = "2243--2286",
title = "Rates of convergence for robust geometric inference",
volume = "10",
year = "2016"
}

@ARTICLE{Bobrowski17,
   author = {Bobrowski, Omer and Mukherjee, Sayan and Taylor, Jonathan},
    title = {{Topological Consistency via Kernel Estimation}},
  journal = {Bernoulli},
  volume = {23},
   number = 1,
    pages={288--328},
     year = 2017,
}

@inproceedings{Chazal14c,
  TITLE = {{Convergence rates for persistence diagram estimation in Topological Data Analysis.}},
  AUTHOR = {Chazal, Fr\'ed\'eric and Glisse, Marc and Labru{\`e}re, Catherine and Michel, Bertrand},
  BOOKTITLE = {{Proceedings of the 31st International Conference on Machine Learning}},
  PAGES = {163-171},
  YEAR = {2014}
}


@ARTICLE{Mammen12,
  title = {Confidence regions for level sets},
  author = {Mammen, Enno and Polonik, Wolfgang},
  year = {2013},
  journal = {Journal of Multivariate Analysis},
  volume = {122},
  number = {C},
  pages = {202-214},
}

@inproceedings{Kolouri16,
  author    = {Kolouri, Soheil and Zou, Yang and Rohde, Gustavo},
  title     = {{Sliced Wasserstein Kernels for Probability Distributions}},
  booktitle   = {IEEE Conference on Computer Vision and Pattern Recognition},
  pages     = {5258--5267},
  year      = {2016},
}

@article{Baxter10,
  author    = {Baxter, Brad},
  title     = {{Conditionally Positive Functions and p-norm Distance Matrices}},
  journal   = {CoRR},
  volume    = {abs/1006.2449},
  year      = {2010},
}

@article{Botnan16,
  author    = {Botnan, Magnus and Lesnick, Michael},
  title     = {{Algebraic Stability of Zigzag Persistence Modules}},
  journal   = {CoRR},
  volume    = {abs/1604.00655},
  year      = {2016},
}

@article{Micchelli86,
    author = {Micchelli, Charles},
    title = {{Interpolation of Scattered Data: Distance Matrices and Conditionally Positive Definite Functions}},
    journal = {Constructive Approximation},
    volume = {2},
    pages = {11--22}, 
    year = {1986}
}

@article{Bauer13a,
 author = {Bauer, Ulrich and Ge, Xiaoyin and Wang, Yusu},
 title = {{Measuring Distance between Reeb Graphs (v2)}},
 journal = {CoRR},
 year = {2016},
 volume = {abs/1307.2839v2},
}

@article{Bauer13b,
  title={{Induced matchings and the algebraic stability of persistence barcodes}},
  author={Bauer, Ulrich and Lesnick, Michael},
  journal={Journal of Computational Geometry},
  volume={6},
  number={2},
  pages={162--191},
  year={2015}
}

@inproceedings{Rahimi08,
title = {{Random Features for Large-Scale Kernel Machines}},
author = {Rahimi, Ali and Recht, Benjamin},
booktitle = {{Advances in Neural Information Processing Systems 20}},
pages = {1177--1184},
year = {2008}
}

@inproceedings{Morariu09,
  author    = {Morariu, Vlad and Srinivasan, Balaji and 
               Raykar, Vikas and Duraiswami, Ramani and Davis, Larry},
  title     = {{Automatic online tuning for fast Gaussian summation}},
  booktitle = {Advances in Neural Information Processing Systems 21},
  pages = {1113--1120},
  year      = {2009}
}

@article{Bjerkevik16,
  title={{Stability of higher-dimensional interval decomposable persistence modules}},
  author={Bjerkevik, H{\aa}vard},
  journal={CoRR},
  volume = {abs/1609.02086},
  year={2016}
}

@inproceedings{Kwitt15,
  title = {{Statistical Topological Data Analysis - A Kernel Perspective}},
  author = {Kwitt, Roland and Huber, Stefan and Niethammer, Marc and Lin, Weili and Bauer, Ulrich},
  booktitle = {Advances in Neural Information Processing Systems 28},
  pages = {3070--3078},
  year = {2015},
}


@article{Attali09,
 author = {Attali, Dominique and Boissonnat, Jean-Daniel and Edelsbrunner, Herbert},
 title = {{Stability and Computation of Medial Axes - a state-of-the-art}},
 journal = {Mathematical Foundations of Scientific Visualization, Computer Graphics, Massive Data Exploration},
 year = {2009},
 pages = {109--125},
}

@inproceedings{Kurlin15,
 author = {Kurlin, Vitaliy},
 title = {{A one-dimensional homologically persistent skeleton of an unstructured point cloud in any metric space}},
 booktitle = {Proceedings of the 13th Symposium on Geometry Processing},
 year = {2015}
}

@article{Carriere15b,
  TITLE = {{Local Signatures using Persistence Diagrams}},
  AUTHOR = {Carri\`ere, Mathieu and Oudot, Steve and Ovsjanikov, Maks},
  journal = {HAL preprint},
  YEAR = {2015}
}


@book{Bridson99,
   title = "Metric Spaces of non-positive Curvature",
   author = "Bridson, Martin and Haefliger, Andr\'e",
   publisher = "Springer",
   year = 1999
}

@book{Burago01, 
  author =  "Burago, Dmitri and Burago, Yuri and Ivanov, Sergei", 
  title =   "A Course in Metric Geometry", 
  publisher =   "American Mathematical Society",
  year =    2001
}


@article{Turner14,
  author    = {Turner, Katharine and Mileyko, Yuriy and Mukherjee, Sayan and Harer, John},
  title     = {{Fr\'echet Means for Distributions of Persistence Diagrams}},
  journal   = {Discrete and Computational Geometry},
  volume    = {52},
  number    = {1},
  pages     = {44--70},
  year      = {2014},
}


@inproceedings{Agarwal15,
  author    = {Agarwal, Pankaj and Fox, Kyle and Nath, Abhinandan and Sidiropoulos, Anastasios and Wang, Yusu},
  title     = {{Computing the Gromov-Hausdorff Distance for Metric Trees}},
  booktitle   = {Proceedings of the 26th International Symposium on Algorithms and Computation},
  year      = {2015},
}

@article{Gameiro16,
  author    = {Gameiro, Marcio and Hiraoka, Yasuaki and Obayashi, Ippei},
  title     = {{Continuation of Point Clouds via Persistence Diagrams}},
  journal   = {Physica D: Nonlinear Phenomena},
  volume    = {334},
  pages = {118--132},
  year      = {2016},
}

@article{Ohta09,
  title={{Gradient flows on Wasserstein spaces over compact Alexandrov spaces}},
  author={Ohta, Shin-Ichi},
  journal={American Journal Mathematics},
  volume={131},
  number={2},
  pages={475--516},
  year={2009}
}

@article{Ohta12,
  title={{Barycenters in Alexandrov spaces of curvature bounded below}},
  author={Ohta, Shin-Ichi},
  journal={Advances in Geometry},
  volume={12},
  pages={571--587},
  year={2012}
}

@article{Tierny06,
  author = {Tierny, Julien and Vandeborre, Jean-Philippe and Daoudi, Mohamed},
  title = {{Invariant High Level Reeb Graphs of 3D Polygonal Meshes}},
  journal = {International Symposium on 3D Data Processing Visualization and Transmission},
  year = 2006,
  pages = {105-112},
}

@inproceedings{Mukasa06,
  author="Mukasa, Tomoyuki and Nobuhara, Shohei and Maki, Atsuto and Matsuyama, Takashi",
  title="Finding Articulated Body in Time-Series Volume Data",
  booktitle="Proceedings of the 4th International Conference on Articulated Motion and Deformable Objects",
  year="2006",
  pages="395--404",
}


@inproceedings{Ge11,
  author    = {Ge, Xiaoyin and Safa, Issam and Belkin, Mikhail and Wang, Yusu},
  title     = {{Data Skeletonization via Reeb Graphs}},
  booktitle = {Advances in Neural Information Processing Systems 24},
  pages     = {837--845},
  year      = {2011},
}

@Article{Mohamed12,
  author="Mohamed, Waleed and Ben Hamza, A.",
  title="Reeb graph path dissimilarity for 3D object matching and retrieval",
  journal="The Visual Computer",
  year="2012",
  volume="28",
  number="3",
  pages="305--318",
}


@article{Blumberg14,
   author = {Blumberg, Andrew and Gall, Itamar and Mandell, Michael and Pancia, Matthew},
    title = "{Robust Statistics, Hypothesis Testing, and Confidence Intervals for Persistent Homology on Metric Measure Spaces}",
  journal   = {Foundations of Computational Mathematics},
  volume    = {14},
   pages    = {745--789},
  year      = {2014}
}

@Article{DiFabio16,
  author="di Fabio, Barbara and Landi, Claudia",
  title={{The Edit Distance for Reeb Graphs of Surfaces}},
  journal="Discrete and Computational Geometry",
  year="2016",
  volume="55",
  number="2",
  pages="423--461",
}


@article{Lum13,
author = {Lum, P. and Singh, G. and Lehman, A. and Ishkanov, T. and Vejdemo-Johansson, M. and Alagappan, M. and Carlsson, J. and Carlsson, G.},
journal = {Scientific Reports},
title = {{Extracting insights from the shape of complex data using topology}},
volume = {3},
year = {2013},
}


@Inbook{Weber11,
  author="Weber, Gunther and Bremer, Peer-Timo and Day, Marcus and Bell, John and Pascucci, Valerio",
  title="Feature Tracking Using Reeb Graphs",
  booktitle="Topological Methods in Data Analysis and Visualization: Theory, Algorithms, and Applications",
  year="2011",
  pages="241--253",
}



@INPROCEEDINGS{Hertzsch07,
    author = {Hertzsch, Jan-Martin and Sturman, Rob and Wiggins, Stephen},
    title = {{DNA microarrays: design principles for maximizing ergodic, chaotic mixing}},
    booktitle = {Small},
    year = {2007},
    volume= 3,
    pages = {202--218}
}

@inproceedings{Rabin11,
  title={{Wasserstein barycenter and its application to texture mixing}},
  author={Rabin, Julien and Peyr{\'e}, Gabriel and Delon, Julie and Bernot, Marc},
  booktitle={International Conference on Scale Space and Variational Methods in Computer Vision},
  pages={435--446},
  year={2011}
}

@book{Berg84,
  author={Berg, Christian and Christensen, Jens and Ressel, Paul},
  title={{Harmonic Analysis on Semigroups: Theory of Positive Definite and Related Functions}},
  year={1984},
  publisher={Springer},
}

@book{Villani09,
   title = {{Optimal transport : old and new}},
   author = {Villani, C\'edric},
   publisher = "Springer",
   year = 2009
}


@article{Bubenik15,
  author = {Bubenik, Peter},
  journal = {Journal of Machine Learning Research},
  title = {{Statistical Topological Data Analysis using Persistence Landscapes}},
  volume = {16},
   pages = {77--102},
  year = 2015
}



@article{Anirudh16,
  author = {Anirudh, Rushil and Venkataraman, Vinay and Ramamurthy, Karthikeyan and Turaga, Pavan},
  journal = {CoRR},
  title = {{A Riemannian Framework for Statistical Analysis of Topological Persistence Diagrams}},
  volume = {abs/1605.08912},
  year = 2016
}

@article{Kusano17,
  author = {Kusano, Genki and Fukumizu, Kenji and Hiraoka, Yasuaki},
  journal = {CoRR},
  title = {{Kernel method for persistence diagrams via kernel embedding and weight factor}},
  volume = {abs/1706.03472},
  year = 2017
}

@inproceedings{Kusano16,
 author = {Kusano, Genki and Fukumizu, Kenji and Hiraoka, Yasuaki},
 title = {{Persistence Weighted Gaussian Kernel for Topological Data Analysis}},
 booktitle = {Proceedings of the 33rd International Conference on Machine Learning},
 year = {2016},
 pages = {2004--2013},
} 

@Book{Munkres93,
  Title                    = {Elements of Algebraic Topology},
  Author                   = {Munkres, James},
  Publisher                = {Addison-Wesley},
  Year                     = {1993}
}

@article{Aronszajn50,
  title = {{Theory of Reproducing Kernels}},
  journal = {Transactions of the American Mathematical Society},
  author=  {Aronszajn, Nachman},
  volume = {68},
  pages={337--404},
  year=1950
}

@article{Robins16,
  author = {Robins, Vanessa and Turner, Katharine},
  journal = {Physica D: Nonlinear Phenomena},
  title = {{Principal Component Analysis of Persistent Homology Rank Functions with case studies of Spatial Point Patterns, Sphere Packing and Colloids}},
  volume = {334},
  pages = {1--186},
  year = 2016
}

@article{Adams15,
  author = {Adams, Henry and Chepushtanova, Sofya and Emerson, Tegan and Hanson, Eric and Kirby, Michael and Motta, Francis and Neville, Rachel and Peterson, Chris and Shipman, Patrick and Ziegelmeier, Lori},
  journal = {CoRR},
  title = {{Persistent Images: A Stable Vector Representation of Persistent Homology}},
  volume = {abs/1507.06217},
  year = 2015
}

@article{Adams17,
  author  = {Adams, Henry and Emerson, Tegan and Kirby, Michael and Neville, Rachel and Peterson, Chris and Shipman, Patrick and Chepushtanova, Sofya and Hanson, Eric and Motta, Francis and Ziegelmeier, Lori},
  title   = {{Persistence Images: A Stable Vector Representation of Persistent Homology}},
  journal = {Journal of Machine Learning Research},
  year    = {2017},
  volume  = {18},
  number  = {8},
  pages   = {1-35},
}

@article{Liu16,
  author = {Liu, Jen-Yu and Jeng, Shyh-Kang and Yang, Yi-Hsuan},
  journal = {CoRR},
  title = {{Applying Topological Persistence in Convolutional Neural Network for Music Audio Signals}},
  volume = {abs/1608.07373},
  year = 2016
}

@article{Verovsek16,
  author = {Verovsek, Sara Kalisnik},
  journal = {CoRR},
  title = {{Tropical Coordinates on the Space of Persistence Barcodes}},
  volume = {abs/1604.00113},
  year = 2016
}

@article{Kalogerakis10,
  title={{Learning 3D Mesh Segmentation and Labeling}},
  author={Kalogerakis, Evangelos and Hertzmann, Aaron and Singh, Karan},
  journal={ACM Transactions on Graphics},
  volume={29},
  number={4},
  pages={102},
  year={2010}
}

@article{diFabio15,
  author = {di Fabio, Barbara and Ferri, Massimo},
  journal = {CoRR},
  title = {{Comparing persistence diagrams through complex vectors}},
  volume = {abs/1505.01335},
  year = 2015
}

@inproceedings{Reininghaus15,
  author = {Reininghaus, Jan and Huber, Stefan and Bauer, Ulrich and Kwitt, Roland},
  booktitle = {IEEE Conference on Computer Vision and Pattern Recognition},
  title = {{A Stable Multi-Scale Kernel for Topological Machine Learning}},
  year = 2015
}

@article{Reininghaus14,
  title={{A Stable Multi-Scale Kernel for Topological Machine Learning}},
  author={Reininghaus, Jan and Huber, Stefan and Bauer, Ulrich and Kwitt, Roland},
  journal={CoRR},
  volume= {abs/1412.6821},
  year={2014}
}


@article{Chazal13b,
  year={2013},
  journal={Geometriae Dedicata},
  title={Persistence stability for geometric complexes},
  author={Chazal, Fr\'ed\'eric and de Silva, Vin and Oudot, Steve},
  pages={1-22}
}


@article{Chazal09c,
  author = {Chazal, Fr\'ed\'eric and Cohen-Steiner, David and Guibas, Leonidas and M\'emoli, Facundo and Oudot, Steve},
  journal = {Computer Graphics Forum},
  pages = {1393--1403},
  title = {{Gromov-Hausdorff Stable Signatures for Shapes using Persistence}},
  year = 2009
}

@article{Singh08,
author = {Singh, Gurjeet and M\'emoli, Facundo and Ishkhanov, Tigran and Sapiro, Guillermo and Carlsson, Gunnar and Ringach, Dario},
title={{Topological analysis of population activity in visual cortex}},
journal={Journal of Vision}, 
volume={8},
year={2008}
}

@article{Carlsson09a,
    author = {Carlsson, Gunnar},
    title = {Topology and Data},
    journal = {Bulletin of the American Mathematical Society},
    volume = 46,
    pages={255--308},
    year = {2009}
}

@inproceedings{Hiraoka16,
  author = {Hiraoka, Yasuaki and Nakamura, Takenobu and Hirata, Akihiko and Escolar, Emerson and Matsue, Kaname and Nishiura, Yasumasa},
  booktitle = {Proceedings of the National Academy of Science},
  volume = {26},
  title = {{Hierarchical structures of amorphous solids characterized by persistent homology}},
  year = 2016
}

@article{Carlsson08,
  author="Carlsson, Gunnar and Ishkhanov, Tigran and de Silva, Vin and Zomorodian, Afra",
  title="On the Local Behavior of Spaces of Natural Images",
  journal="International Journal of Computer Vision",
  year="2008",
  volume="76",
  number="1",
  pages="1--12",
}


@article{Chen09,
 author = {Chen, Xiaobai and Golovinskiy, Aleksey and Funkhouser, Thomas},
 title = {{A Benchmark for 3D Mesh Segmentation}},
 journal = {ACM Transactions on Graphics},
 volume = {28},
 number = {3},
 year = {2009},
 pages = {1--12},
} 

@article{Chang01,
 author = {Chang, C. and Lin, C.},
 title = {{LIBSVM}: A library for support vector machines},
 journal = {ACM Transactions on Intelligent Systems and Technology},
 volume = {2},
 year = {2011},
 pages = {1--27},
 note =	 {Software available at \url{http://www.csie.ntu.edu.tw/~cjlin/libsvm}}
}


@Article{Cohen10,
  author="Cohen-Steiner, David and Edelsbrunner, Herbert and Harer, John and Mileyko, Yuriy",
  title="Lipschitz Functions Have Lp-Stable Persistence",
  journal="Foundations of Computational Mathematics",
  year="2010",
  volume="10",
  number="2",
  pages="127--139",
}


@techreport{Guittet02,
  TITLE = {{Extended Kantorovich norms : a tool for optimization}},
  AUTHOR = {Guittet, K\'evin},
  TYPE = {Research Report},
  NUMBER = {RR-4402},
  INSTITUTION = {{INRIA}},
  YEAR = {2002},
}

@INPROCEEDINGS{Ojala02,
author = 	{Ojala, Timo and M{\"a}enp{\"a}{\"a}, Topi and Pietik{\"a}inen, Matti and Viertola, Jaakko and Kyll{\"o}nen, Juha and Huovinen, Sami},
title = 	{Outex - New framework for empirical evaluation of texture analysis algorithms.},
year = 	{2002},
booktitle = 	{Proceedings of the 16th International Conference on Pattern Recognition},
pages={701--706}
}
